@article{purugganan2004read,
  title={How to read a scientific article},
  author={Purugganan, Mary and Hewitt, Jan},
  journal={Rice University},
  year={2004}
}
@article{keshav2007read,
  title={How to read a paper},
  author={Keshav, Srinivasan},
  journal={ACM SIGCOMM Computer Communication Review},
  volume={37},
  number={3},
  pages={83--84},
  year={2007},
  publisher={ACM New York, NY, USA}
}